@misc{dataset,
  title = {Mental health survey},
  url = {https://www.kaggle.com/datasets/osmi/mental-health-in-tech-survey},
}